@ARTICLE{Bonazzola,
   author = {{Bonazzola}, S. and {Gourgoulhon}, E. and {Marck}, J.-A.},
    title = "{Numerical approach for high precision 3D relativistic star models}",
  journal = {\prd},
   eprint = {arXiv:astro-ph/9803086},
 keywords = {Numerical relativity, Numerical simulation; solution of equations, Spectral methods},
     year = 1998,
    month = nov,
   volume = 58,
   number = 10,
      eid = {104020},
    pages = {104020},
      doi = {10.1103/PhysRevD.58.104020},
   adsurl = {http://adsabs.harvard.edu/abs/1998PhRvD..58j4020B},
  adsnote = {Provided by the SAO/NASA Astrophysics Data System}
}
